@string{vuw= "Victoria University of Wellington"}

% ------ Publishers -------

@string{acm= "{ACM}"}
@string{acmp="{ACM Press}"}

@string{mitai = "M.I.T. A~I~Laboratory"}
@string{mitp = "M.I.T.~Press"}
@string{decsrc = "{DEC}	{S}ystems {R}esearch {C}entre"}

@string{ph= "Prentice-Hall"}
@string{aw= "Addison-Wesley"}
@string{sv= "Springer-Verlag"}
@string{lncs= "LNCS"}
@string{dimacs= "DIMACS"}
@string{isics= "International Series in Computer Science"}

% ------ Journals -------

@string{ieeecptr = "{IEEE} Computer"}
@string{ieees= "{IEEE} Software"}
@string{ieeesw = "{IEEE} Software"}
@string{tse = "{IEEE}~TSE"}
@string{cga = "{IEEE} Computer Graphics"}
@string{ieeecsp = "{IEEE} {C}omputer {S}ociety {P}ress"}

@string{acs= "{ACM}~Computing Surveys"}
@string{compsurv = "{ACM}~Computing Surveys"}
@string{cacm= "CACM"}
@string{jacm= "JACM"}
@string{jfp= "JFP"}
@string{sigplan = "{ACM} SIGPLAN Notices"}
@string{sen = "{ACM} Software Engineering Notes"}
@string{toplas = "{ACM} TOPLAS"}
@string{tosem = "{ACM} TOSEM"}
@string{siggraph = "{ACM} Computer Graphics"}
@string{tog = "{ACM} Transactions on Graphics"}
@string{tois = "{ACM} Transactions on Information Systems"}
@string{tochi = "{ACM} Transactions on Computer-Human Interaction"}

@string{entcs = "Electronic Notes in Computer Science"}
@string{tams = "Transations of the AMS"}

@string{ibmrj = "IBM Journal of Research and Development"}
@string{ibmjrd = "IBM Journal of Research and Development"}
@string{ibmsysj = "IBM Systems Journal"}

@string{spe = "Software---Practice and Experience"}
@string{joos = "Journal of Object Oriented Systems"}
@string{joop = "Journal of Object-Oriented Programming"}
@string{jot = "JOT"}
@string{jar = "Journal of Automated Reasoning"}

@string{tcs = "Theoretical Computer Science"}

% ----- Conferences ------

@string{icalp = "Proc. ICALP"}
@string{lics = "Proc. LICS"}
@string{fse = "Proc. ESEC/FSE"}
@string{oopsla = "Proc. OOPSLA"}
@string{dls = "Proc. DLS"}
@string{ecoop = "Proc. ECOOP"}
@string{cc = "Proc. CC"}
@string{tacas = "Proc. TACAS"}
@string{sac = "Proc. SAC"}
@string{esop = "Proc. ESOP"}
@string{pldi = "Proc. PLDI"}
@string{popl = "Proc. POPL"}
@string{lfp = "Proc. conference on LISP and Functional Programming"}
@string{pppj = "Proc. PPPJ"}
@string{sas = "Proc. SAS"}
@string{cav = "Proc. of CAV"}
@string{sat = "Proc. of SAT"}
@string{dac = "Proc. of DAC"}
@string{vmcai = "Proc. VMCAI"}
@string{issta = "Proc. ISSTA"}
@string{icsm = "Proc. ICSM"}
@string{icfp = "Proc. ICFP"}
@string{icse = "Proc. ICSE"}
@string{fm = "Proc. FM"}
@string{stoc = "Proc. STOC"}

% ----- Workshops ------

@string{paste = "Proc. PASTE"}
@string{ftfjp = "Proc. Workshop on Formal Techniques for Java-like Programs"}
@string{tldi = "Proc. Workshop on Types in Languages Design and Implementation"}
