@string{vuw= "Victoria University of Wellington"}

% ------ Publishers -------

@string{acm= "{ACM}"}
@string{acmp="{ACM Press}"}

@string{mitai = "M.I.T. A~I~Laboratory"}
@string{mitp = "M.I.T.~Press"}
@string{decsrc = "{DEC}	{S}ystems {R}esearch {C}entre"}

@string{ph= "Prentice-Hall"}
@string{aw= "Addison-Wesley"}
@string{sv= "Springer-Verlag"}
@string{lncs= "LNCS"}
@string{dimacs= "DIMACS"}
@string{isics= "International Series in Computer Science"}

% ------ Journals -------

@string{ieeecptr = "{IEEE} Computer"}
@string{ieees= "{IEEE} Software"}
@string{ieeesw = "{IEEE} Software"}
@string{tse = "{IEEE}~TSE"}
@string{cga = "{IEEE} Computer Graphics"}
@string{ieeecsp = "{IEEE} {C}omputer {S}ociety {P}ress"}

@string{acs= "{ACM}~Computing Surveys"}
@string{compsurv = "{ACM}~Computing Surveys"}
@string{cacm= "Communications of the {ACM}"}
@string{jacm= "Journal of the {ACM}"}
@string{jfp= "Journal of Functional Programming"}
@string{jlap="Journal of Logic and Algebraic Programming"}
@string{sigplan = "{ACM} SIGPLAN Notices"}
@string{sen = "{ACM} Software Engineering Notes"}
@string{toplas = "{ACM} Transactions on Programming Languages and Systems"}
@string{tosem = "{ACM} TOSEM"}
@string{siggraph = "{ACM} Computer Graphics"}
@string{tog = "{ACM} Transactions on Graphics"}
@string{tois = "{ACM} Transactions on Information Systems"}
@string{tochi = "{ACM} Transactions on Computer-Human Interaction"}
@string{tops = "Theory And Practice of Object Systems"}

@string{entcs = "Electronic Notes in Computer Science"}
@string{tams = "Transactions of the AMS"}

@string{ibmrj = "IBM Journal of Research and Development"}
@string{ibmjrd = "IBM Journal of Research and Development"}
@string{ibmsysj = "IBM Systems Journal"}

@string{spe = "Software---Practice and Experience"}
@string{joos = "Journal of Object Oriented Systems"}
@string{joop = "Journal of Object-Oriented Programming"}
@string{jot = "Journal of Object Technology"}
@string{jar = "Journal of Automated Reasoning"}

@string{ipl = "Information Processing Letters"}
@string{tcs = "Theoretical Computer Science"}

@string{csr = "Computer Science Review"}

% ----- Conferences ------

@string{fase="Proceedings of the Conference on Fundamental Approaches to Software Engineering"}
@string{lpar = "Proceedings of the Conference on Logic for Programming, Artificial Intelligence, and
		 Reasoning (LPAR)"}
@string{icalp = "Proceedings of the International Colloquium on Automata, Languages and Programming (ICALP)"}
@string{lics = "Proceedings of the ACM/IEEE Symposium on Logic In Computer Science (LICS)"}
@string{fse = "Proceedings of the ACM Symposium on the Foundations of Software Engineering (FSE)"}
@string{oopsla = "Proceedings of the ACM conference on Object-Oriented Programming, Systems, Languages and Applications (OOPSLA)"}
@string{dls = "Proceedings of the Dynamic Languages Symposium (DLS)"}
@string{ecoop = "Proceedings of the European Confereince on Object-Oriented Programming (ECOOP)"}
@string{cc = "Proceedings of the confererence on Compiler Construction (CC)"}
@string{tacas = "Proceedings of the conference on Tools and Algorithms for the Construction and Analysis of Systems (TACAS)"}
@string{sac = "Proceedings of the Symposium on Applied Computing (SAC)"}
@string{esop = "Proceedings of the European Symposium on Programming (ESOP)"}
@string{pldi = "Proceedings of the ACM conference on Programming Language Design and Implementation (PLDI)"}
@string{popl = "Proceedings of the ACM symposium on the Principles Of Programming Languages (POPL)"}
@string{lfp = "Proceedings of the conference on LISP and Functional Programming"}
@string{pppj = "Proceedings of the conference on Principles and Practices of Programming in Java (PPPJ)"}
@string{sas = "Proceedings of the Static Analysis Symposium (SAS)"}
@string{cav = "Proceedings of Conference on Computer Aided Verification (CAV)"}
@string{sat = "Proceedings of Conference on Theory and Applications of Satisfiability Testing (SAT)"}
@string{dac = "Proceedings of DAC"}
@string{vmcai = "Proceedings of the Conference on Verification, Model Checking, and Abstract Interpretation (VMCAI)"}
@string{issta = "Proceedings of the International Symposium on Software Testing and Analysis (ISSTA)"}
@string{icsm = "Proceedings of the International Conference on Software Maintenance (ICSM)"}
@string{icfp = "Proceedings of the ACM International Conference on Functional Programming (ICFP)"}
@string{icse = "Proceedings of the International Conference of Software Engineering (ICSE)"}
@string{fm = "Proceedings of the Symposium on Formal Methods (FM)"}
@string{stoc = "Proceedings of the Symposium on the Theory of Computing (STOC)"}
@string{fmco = "Proceedings of the Formal Methods for Components and Objects (FMCO)"}

% ----- Workshops ------

@string{paste = "Proceedings of the Workshop on Program Analysis for Software Tools and Engineering"}
@string{ftfjp = "Proceedings of the Workshop on Formal Techniques for Java-like Programs"}
@string{tldi = "Proceedings of the Workshop on Types in Languages Design and Implementation"}
